@article{scilab2010,
  title={Introduction to scilab},
  author={Baudin, Micha{\"e}l and others},
  journal={Consortium Scilab. January},
  pages={34--56},
  year={2010}
}

@article{cohen1996cvode,
  title={CVODE, a stiff/nonstiff ODE solver in C},
  author={Cohen, Scott D and Hindmarsh, Alan C and Dubois, Paul F},
  journal={Computers in physics},
  volume={10},
  number={2},
  pages={138--143},
  year={1996},
  publisher={American Institute of Physics}
}
@Misc{video2020Meneghetti,
  author      = {Fábio Meneghetti Ugulino Araújo },
  title       = {Exemplo de Modelo de Simulação},
  institution = {Universidade Federal Rio Grande Do Norte},
  year        = 2020,
  type        = {Página na Internet},
  month       = sep,
  url         = {\url{https://www.youtube.com/watch?v=4jh4SQgijSw&ab_channel=ProfessorMeneghetti}},
  optannote   = {}
}

@Misc{simulacao_samuel_tanque_controle,
  author      = {Samuel Cavalcanti},
  title       = {simulação de um sistema de tanques acoplados Scilab},
  institution = {Universidade Federal Rio Grande Do Norte},
  year        = 2021,
  type        = {Página na Internet},
  month       = jun,
  url         = {\url{https://github.com/samuel-cavalcanti/simulacao_de_um_sistema_de_tanques_acoplados}},
}

@techreport{roteiro2021,
  author      = {Fábio Meneghetti Ugulino Araújo},
  title       = {Modelagem de Sistemas Dinâmicos - Simulação de um Sistema de Tanques Acoplados},
  institution = {UNIVERSIDADE FEDERAL DO RIO GRANDE DO NORTE},
  address     = {Natal, RN},
  year        = 2021,
  optkey      = {},
  type        = {Roteiro de laboratório},
  month       = jun,
  optannote   = {}
}

@misc{katsuhiko1993engineering,
  title={Engineering of Modern Control},
  author={Ogata, Katsuhiko},
  year={1993},
  publisher={Prentice Hull Hispanoamerican SA, Mexico}
}

@book{espanca2020livro,
  title={Livro de m{\'a}goas},
  author={Espanca, Florbela},
  year={2020},
  publisher={Primavera Editorial}
}